@inproceedings{Klint2009,
	author     = {Klint, Paul and Storm, Tijs van der and Vinju, Jurgen},
	booktitle  = {Proceedings of the 2009 Ninth IEEE International Working Conference on Source Code Analysis and Manipulation, {SCAM} 2009, Edmonton, AB, Canada, September 20--21, 2009},
	doi        = {10.1109/SCAM.2009.28},
	isbn       = {978-0-7695-3793-1},
	pages      = {168--177},
	publisher  = {IEEE},
	title      = {{RASCAL}: {A} {D}omain {S}pecific {L}anguage for {S}ource {C}ode {A}nalysis and {M}anipulation},
	doi = {10.1109/SCAM.2009.28},
	year = {2009},
}

@InProceedings{Heitlager2007,
  author    = {Heitlager, I. and Kuipers, T. and Visser, J.},
  title     = {{A} {P}ractical {M}odel for {M}easuring {M}aintainability},
  booktitle = {Quality of Information and Communications Technology, 2007. QUATIC 2007. 6th International Conference on the},
  year      = {2007},
  pages     = {30--39},
  doi       = {10.1109/QUATIC.2007.8},
}

@InProceedings{Kapser2006,
  author     = {Kapser, C. and Godfrey, M. W.},
  title      = {`{C}loning {C}onsidered {H}armful' {C}onsidered {H}armful},
  booktitle  = {2006 13th Working Conference on Reverse Engineering},
  year       = {2006},
  pages      = {19--28},
  month      = oct,
  bdsk-url-1 = {http://dx.doi.org/10.1109/WCRE.2006.1},
  doi        = {10.1109/WCRE.2006.1},
  issn       = {1095-1350},
  keywords   = {software maintenance;code cloning;code duplicating;software system;Cloning;Computer science;Costs;Libraries;Reverse engineering;Software architecture;Software systems;Stability;Testing},
}


@inbook{Koschke2008Ch2,
  author    = {Rainer Koschke},
  chapter   = {2. {I}dentifying and {R}emoving {S}oftware {C}lones},
  editor    = {Tom Mens and Serge Demeyer},
  pages     = {15--36},
	publisher = {Springer},
  title     = {{S}oftware {E}volution},
  year      = {2008},
  isbn      = {978-3-540-76440-3},
  doi       = {10.1007/978-3-540-76440-3},
}

@inproceedings{Landman2016,
  author    = {Landman, D., Serebrenik, A., Bouwers, E., & Vinju, J. J.},
  title     = {Empirical analysis of the relationship between CC and SLOC
 in a large corpus of Java methods and C functions},
  year      = {2016},
  pages     = {589--618},
  doi       = {https://doi.org/10.1002/smr.1760},
  booktitle = {Journal of Software : Evolution and Process}
}

@inproceedings{McCabe1976,
	author     = {THOMASJ.MCCABE},
	pages      = {308--320},
	publisher  = {IEEE TRANSACTIONS ON SOFTWARE ENGINEERING, VOL. SE-2, NO. 4},
	title      = {A Complexity Measure},
	year       = {1976},
}

@inproceedings{Tiago2010,
  author    = {Tiago L. Alves, Christiaan Ypma, Joost Visser},
  title     = {Deriving metric thresholds from benchmark data},
  year      = {2010},
  doi       = {10.1109/ICSM.2010.5609747},
  booktitle = {Conference: Software Maintenance (ICSM), 2010 IEEE International Conference on}
}

@article{landman2016empirical,
  title={Empirical analysis of the relationship between CC and SLOC in a large corpus of Java methods and C functions},
  author={Landman, Davy and Serebrenik, Alexander and Bouwers, Eric and Vinju, Jurgen J},
  journal={Journal of Software: Evolution and Process},
  volume={28},
  number={7},
  pages={589--618},
  year={2016},
  publisher={Wiley Online Library}
}